%% This BibTeX bibliography file was created using BibDesk.
%% http://bibdesk.sourceforge.net/


%% Created for Christopher Wyatt at 2007-05-26 12:52:53 -0400 


%% Saved with string encoding Western (ASCII) 



@article{LiFPYHS06,
	Author = {Li, J. and Franaszek, M. and Petrick, N. and Yao, J. and Huang, A. and Summers, R. M.},
	Date-Added = {2007-05-26 12:52:35 -0400},
	Date-Modified = {2007-05-26 12:52:35 -0400},
	Journal = {2006 3rd Ieee International Symposium On Biomedical Imaging: Macro To Nano, Vols 1-3},
	Pages = {1316-1319},
	Title = {Wavelet method for CT colonography computer-aided polyp detection},
	Year = {2006}}

@article{LiYSPMH06,
	Author = {Li, J. and Yao, J. H. and Summers, R. M. and Petrick, N. and Manry, M. T. and Hara, A. K.},
	Date-Added = {2007-05-26 12:52:35 -0400},
	Date-Modified = {2007-05-26 12:52:35 -0400},
	Journal = {International Journal On Artificial Intelligence Tools},
	Pages = {893-915},
	Title = {An efficient feature selection algorithm for computer-aided polyp detection},
	Volume = {15},
	Year = {2006}}

@article{ChowdhuryGWM06,
	Author = {Chowdhury, T. A. and Ghita, O. and Whelan, P. F. and Miranda, A.},
	Date-Added = {2007-05-26 12:52:35 -0400},
	Date-Modified = {2007-05-26 12:52:35 -0400},
	Journal = {18th International Conference On Pattern Recognition, Vol 1, Proceedings},
	Pages = {1017-1021},
	Title = {A note on feature selection for polyp detection in CT colonography},
	Year = {2006}}

@article{GreenblumLHS06,
	Author = {Greenblum, S. and Li, J. and Huang, A. and Summers, R. M.},
	Date-Added = {2007-05-26 12:52:35 -0400},
	Date-Modified = {2007-05-26 12:52:35 -0400},
	Journal = {Medical Imaging 2006: Physiology, Function, And Structure From Medical Images Pts 1 And 2},
	Pages = {14336-14336},
	Title = {Wavelet analysis in virtual colonoscopy - art. no. 614336},
	Volume = {6143},
	Year = {2006}}

@article{YaoSH05,
	Author = {Yao, J. H. and Summers, R. M. and Hara, A.},
	Date-Added = {2007-05-26 12:52:35 -0400},
	Date-Modified = {2007-05-26 12:52:35 -0400},
	Journal = {Medical Imaging 2005: Physiology, Function, And Structure From Medical Images, Pts 1 And 2},
	Pages = {384-392},
	Title = {Optimizing the support vector machines (SVM) committee configuration in a colonic polyp CAD system},
	Volume = {5746},
	Year = {2005}}

@article{LiS04,
	Author = {Li, H. and Santago, P.},
	Date-Added = {2007-05-26 12:52:35 -0400},
	Date-Modified = {2007-05-26 12:52:35 -0400},
	Journal = {Medical Imaging 2004: Image Perception, Observer Performance, And Technology Assessment},
	Pages = {487-495},
	Title = {A practical automated polyp detection scheme for CT colonography},
	Volume = {5372},
	Year = {2004}}

@article{JerebkoMFSCARS03,
	Author = {Jerebko, A. K. and Malley, J. D. and Franaszek, M. and Summers, R. M.},
	Date-Added = {2007-05-26 12:52:35 -0400},
	Date-Modified = {2007-05-26 12:52:35 -0400},
	Journal = {Cars 2003: Computer Assisted Radiology And Surgery, Proceedings},
	Pages = {1019-1024},
	Title = {Computer-aided polyp detection in CT colonography using an ensemble of support vector machines},
	Volume = {1256},
	Year = {2003}}

@article{MillerJMS03,
	Author = {Miller, M. T. and Jerebko, A. K. and Malley, J. D. and Summers, R. M.},
	Date-Added = {2007-05-26 12:52:35 -0400},
	Date-Modified = {2007-05-26 12:52:35 -0400},
	Journal = {Medical Imaging 2003: Physiology And Function: Methods, Systems, And Applications},
	Pages = {102-110},
	Title = {Feature selection for computer-aided polyp detection using genetic algorithms},
	Volume = {5031},
	Year = {2003}}

@article{NappiFDY03,
	Author = {Nappi, J. and Frimmel, H. and Dachman, A. and Yoshida, H.},
	Date-Added = {2007-05-26 12:52:35 -0400},
	Date-Modified = {2007-05-26 12:52:35 -0400},
	Journal = {Medical Imaging 2003: Image Processing, Pts 1-3},
	Pages = {860-868},
	Title = {Computer-aided detection of polyps and masses for CT colonography},
	Volume = {5032},
	Year = {2003}}

@article{NappiFDY02,
	Author = {Nappi, J. J. and Frimmel, H. and Dachman, A. H. and Yoshida, H.},
	Date-Added = {2007-05-26 12:52:35 -0400},
	Date-Modified = {2007-05-26 12:52:35 -0400},
	Journal = {Radiology},
	Pages = {406-406},
	Title = {Computer-aided detection of polyps in CT colonography: Effect of feature-guided polyp segmentation},
	Volume = {225},
	Year = {2002}}

@article{NappiY02,
	Author = {Nappi, J. and Yoshida, H.},
	Date-Added = {2007-05-26 12:52:35 -0400},
	Date-Modified = {2007-05-26 12:52:35 -0400},
	Journal = {Cars 2002: Computer Assisted Radiology And Surgery, Proceedings},
	Pages = {749-754},
	Title = {Computer-aided detection of polyps in CT colonography: effect of feature-guided polyp segmentation},
	Year = {2002}}

@article{YoshidaNFD02,
	Author = {Yoshida, H. and Nappi, J. and Frimmel, H. and Dachman, A.},
	Date-Added = {2007-05-26 12:52:35 -0400},
	Date-Modified = {2007-05-26 12:52:35 -0400},
	Journal = {Medical Imaging 2002: Image Processing, Vol 1-3},
	Pages = {1235-1245},
	Title = {Computer-aided diagnosis in CT colonography: Detection of polyps based on geometric and texture features},
	Volume = {4684},
	Year = {2002}}

@article{JerebkoMFS02,
	Author = {Jerebko, A. K. and Malley, J. D. and Franaszek, M. and Summers, R. M.},
	Date-Added = {2007-05-26 12:52:35 -0400},
	Date-Modified = {2007-05-26 12:52:35 -0400},
	Journal = {Medical Imaging 2002: Physiology And Function From Multidimensional Images},
	Pages = {207-212},
	Title = {Multi network classification scheme for detection of colonic polyps in CT colonography data sets},
	Volume = {3},
	Year = {2002}}

@article{NappiDMY01,
	Author = {Nappi, J. and Dachman, A. H. and MacEneaney, P. M. and Yoshida, H.},
	Date-Added = {2007-05-26 12:52:35 -0400},
	Date-Modified = {2007-05-26 12:52:35 -0400},
	Journal = {Cars 2001: Computer Assisted Radiology And Surgery},
	Pages = {635-640},
	Title = {Computer-aided detection of polyps in CT colonography: Evaluation of volumetric features in differentiating polyps from false positives},
	Volume = {1230},
	Year = {2001}}

@article{YoshidaMMD01,
	Author = {Yoshida, H. and Masutani, Y. and MacEnaney, P. and Dachman, A.},
	Date-Added = {2007-05-26 12:52:35 -0400},
	Date-Modified = {2007-05-26 12:52:35 -0400},
	Journal = {Medical Imaging 2001: Physiology And Function From Multidimensional Images},
	Pages = {53-57},
	Title = {Computer-aided detection of polyps in CT colonography based on geometric features},
	Volume = {2},
	Year = {2001}}

@article{LiYSPMH06,
	Author = {Li, J. and Yao, J. H. and Summers, R. M. and Petrick, N. and Manry, M. T. and Hara, A. K.},
	Journal = {International Journal On Artificial Intelligence Tools},
	Pages = {893-915},
	Title = {An efficient feature selection algorithm for computer-aided polyp detection},
	Volume = {15},
	Year = {2006}}

@article{ChowdhuryWG06,
	Author = {Chowdhury, T. A. and Whelan, P. F. and Ghita, O.},
	Journal = {Computerized Medical Imaging And Graphics},
	Pages = {427-436},
	Title = {The use of 3D surface fitting for robust polyp detection and classification in CT colonography},
	Volume = {30},
	Year = {2006}}

@article{WangLLLLAH05,
	Author = {Wang, Z. A. and Liang, Z. R. and Li, L. H. and Li, X. and Li, B. and Anderson, J. and Harrington, D.},
	Journal = {Medical Physics},
	Pages = {3602-3616},
	Title = {Reduction of false positives by internal features for polyp detection in CT-based virtual colonoscopy},
	Volume = {32},
	Year = {2005}}

@article{YittaTCD06,
	Author = {Yitta, S. and Tatineny, K. C. and Cipriani, N. A. and Dachman, A. H.},
	Journal = {Journal Of Computer Assisted Tomography},
	Pages = {58-61},
	Title = {Characterization of normal ileocecal valve density on CT colonography},
	Volume = {30},
	Year = {2006}}

@article{JerebkoMFS05,
	Author = {Jerebko, A. K. and Malley, J. D. and Franaszek, M. and Summers, R. M.},
	Journal = {Academic Radiology},
	Pages = {479-486},
	Title = {Support vector machines committee classification method for computer-aided polyp detection in CT colonography},
	Volume = {12},
	Year = {2005}}

@article{KarkanisIMKT03,
	Author = {Karkanis, S. A. and Iakovidis, D. K. and Maroulis, D. E. and Karras, D. A. and Tzivras, M.},
	Journal = {Ieee Transactions On Information Technology In Biomedicine},
	Pages = {141-152},
	Title = {Computer-aided tumor detection in endoscopic video using color wavelet features},
	Volume = {7},
	Year = {2003}}

@article{NappiY03,
	Author = {Nappi, J. and Yoshida, H.},
	Journal = {Medical Physics},
	Pages = {1592-1601},
	Title = {Feature-guided analysis for reduction of false positives in CAD of polyps for computed tomographic colonography},
	Volume = {30},
	Year = {2003}}

@article{NappiFDY02,
	Author = {Nappi, J. J. and Frimmel, H. and Dachman, A. H. and Yoshida, H.},
	Journal = {Radiology},
	Pages = {406-406},
	Title = {Computer-aided detection of polyps in CT colonography: Effect of feature-guided polyp segmentation},
	Volume = {225},
	Year = {2002}}

@article{JerebkoMFS03,
	Author = {Jerebko, A. K. and Malley, J. D. and Franaszek, M. and Summers, R. M.},
	Journal = {Academic Radiology},
	Pages = {154-160},
	Title = {Multiple neural network classification scheme for detection of colonic polyps in CT colonography data sets},
	Volume = {10},
	Year = {2003}}

@article{NappiY02,
	Author = {Nappi, J. and Yoshida, H.},
	Journal = {Academic Radiology},
	Pages = {386-397},
	Title = {Automated detection of polyps with CT colonography: Evaluation of volumetric features for reduction of false-positive findings},
	Volume = {9},
	Year = {2002}}

@article{YoshidaMMRD02,
	Author = {Yoshida, H. and Masutani, Y. and MacEneaney, P. and Rubin, D. T. and Dachman, A. H.},
	Journal = {Radiology},
	Pages = {327-336},
	Title = {Computerized detection of colonic polyps at CT colonography on the basis of volumetric features: Pilot study},
	Volume = {222},
	Year = {2002}}

@article{YoshidaN01,
	Author = {Yoshida, H. and Nappi, J.},
	Journal = {Ieee Transactions On Medical Imaging},
	Pages = {1261-1274},
	Title = {Three-dimensional computer-aided diagnosis scheme for detection of colonic polyps},
	Volume = {20},
	Year = {2001}}
